<?xml version="1.0" encoding="UTF-8"?><record xmlns="http://www.loc.gov/MARC21/slim" xmlns:cinclude="http://apache.org/cocoon/include/1.0" xmlns:zs="http://www.loc.gov/zing/srw/">
  <leader>00500nz  a2200145n  4500</leader>
  <controlfield tag="001">n  87923174 </controlfield>
  <controlfield tag="003">DLC</controlfield>
  <controlfield tag="005">19871007055818.7</controlfield>
  <controlfield tag="008">870817n| acannaab|          |a aaa |||  </controlfield>
  <datafield tag="010" ind1=" " ind2=" ">
    <subfield code="a">n  87923174 </subfield>
  </datafield>
  <datafield tag="040" ind1=" " ind2=" ">
    <subfield code="a">DLC</subfield>
    <subfield code="c">DLC</subfield>
  </datafield>
  <datafield tag="100" ind1="1" ind2="0">
    <subfield code="a">Belkin, V. M.</subfield>
    <subfield code="q">(Vladimir Mikhaĭlovich)</subfield>
  </datafield>
  <datafield tag="400" ind1="1" ind2="0">
    <subfield code="a">Belkin, Vladimir Mikhaĭlovich</subfield>
  </datafield>
  <datafield tag="400" ind1="1" ind2="0">
    <subfield code="a">Bīlkīn, F. M.</subfield>
  </datafield>
  <datafield tag="670" ind1=" " ind2=" ">
    <subfield code="a">His Karmannyĭ arabsko-russkiĭ slovarʹ, 1986:</subfield>
    <subfield code="b">t.p. (V. M. Belkin) colophon (Vladimir Mikhaĭlovich Belkin) added t.p. (F.M. Bīlkīn)</subfield>
  </datafield>
</record>